% This file was created with JabRef 2.10b2.
% Encoding: UTF-8


@Electronic{feedzilla,
  Title                    = {RestAPI Documentation},
  Author                   = {Feedzilla},
  HowPublished             = {https://code.google.com/p/feedzilla-api/wiki/RestApi},
  Month                    = {Oct},
  Note                     = {[Online; accessed 27-October-2014]},
  Url                      = {https://code.google.com/p/feedzilla-api/wiki/RestApi},
  Year                     = {2014},

  Owner                    = {ali},
  Timestamp                = {2014.10.27}
}

@Electronic{sentimentanalyzer,
  Title                    = {Twitter Sentiment Analyzer},
  Author                   = {Laurent Luce},
  HowPublished             = {http://www.laurentluce.com/posts/twitter-sentiment-analysis-using-python-and-nltk/},
  Month                    = {Jan},
  Note                     = {[Online; accessed 27-October-2014]},
  Url                      = {http://www.laurentluce.com/posts/twitter-sentiment-analysis-using-python-and-nltk/},
  Year                     = {2012},

  Owner                    = {ali},
  Timestamp                = {2014.10.27}
}

@Electronic{bingsearchapi,
  Title                    = {Bing Search API},
  Author                   = {Microsoft},
  HowPublished             = {https://datamarket.azure.com/dataset/bing/search},
  Month                    = {Oct},
  Note                     = {[Online; accessed 27-October-2014]},
  Organization             = {Microsoft},
  Url                      = {https://datamarket.azure.com/dataset/bing/search},
  Year                     = {2014},

  Owner                    = {ali},
  Timestamp                = {2014.10.27}
}

@Article{scikit-learn,
  Title                    = {Scikit-learn: Machine Learning in {P}ython},
  Author                   = {Pedregosa, F. and Varoquaux, G. and Gramfort, A. and Michel, V. and Thirion, B. and Grisel, O. and Blondel, M. and Prettenhofer, P. and Weiss, R. and Dubourg, V. and Vanderplas, J. and Passos, A. and Cournapeau, D. and Brucher, M. and Perrot, M. and Duchesnay, E.},
  Journal                  = {Journal of Machine Learning Research},
  Year                     = {2011},
  Pages                    = {2825--2830},
  Volume                   = {12}
}

@inproceedings{nltk,
	author = {Loper, Edward and Bird, Steven},
	title = {NLTK: The Natural Language Toolkit},
	booktitle = {Proceedings of the ACL-02 Workshop on Effective Tools and Methodologies for Teaching Natural Language Processing and Computational Linguistics - Volume 1},
	series = {ETMTNLP '02},
	year = {2002},
	location = {Philadelphia, Pennsylvania},
	pages = {63--70},
	numpages = {8},
	url = {http://dx.doi.org/10.3115/1118108.1118117},
	doi = {10.3115/1118108.1118117},
	acmid = {1118117},
	publisher = {Association for Computational Linguistics},
	address = {Stroudsburg, PA, USA},
} 

@Electronic{mllib,
	Title                    = {MLlib | Apache Spark},
	Author                   = {The Apache Software Foundation},
	HowPublished             = {\url{https://spark.apache.org/mllib/}},
	Month                    = {Oct},
	Note                     = {[Online; accessed 27-October-2014]},
	Organization             = {The Apache Software Foundation},
	Url                      = {https://spark.apache.org/mllib/},
	Year                     = {2014},
	
	Owner                    = {ali},
	Timestamp                = {2014.10.27}
}



@Electronic{thenytimes,
  Title                    = {Time Developer Network - APIs},
  Author                   = {The New York Times},
  HowPublished             = {http://developer.nytimes.com/docs},
  Month                    = {Oct},
  Note                     = {[Online; accessed 27-October-2014]},
  Organization             = {The New York Times},
  Url                      = {http://developer.nytimes.com/docs},
  Year                     = {2014},

  Owner                    = {ali},
  Timestamp                = {2014.10.27}
}

@Electronic{s3cmd,
	Title                    = {S3cmd tool for Amazon Simple Storage Service (S3)},
	Author                   = {Michal Ludvig},
	HowPublished             = {\url{https://github.com/s3tools/s3cmd}},
	Month                    = {Oct},
	Note                     = {[Online; accessed 25-November-2014]},
	Organization             = {Github},
	Url                      = {https://github.com/s3tools/s3cmd},
	Year                     = {2014},
	
	Owner                    = {Ken},
	Timestamp                = {2014.11.25}
}


@Electronic{amazonami,
	Title                    = {Amazon Machine Images},
	Author                   = {Amazon},
	HowPublished             = {\url{http://docs.aws.amazon.com/AWSEC2/latest/UserGuide/AMIs.html}},
	Month                    = {Oct},
	Note                     = {[Online; accessed 25-November-2014]},
	Organization             = {Amazon},
	Url                      = {http://docs.aws.amazon.com/AWSEC2/latest/UserGuide/AMIs.html},
	Year                     = {2014},
	
	Owner                    = {Ken},
	Timestamp                = {2014.11.25}
}


@Electronic{usatoday,
  Title                    = {USA Today Developer's Network},
  Author                   = {USA Today},
  HowPublished             = {http://developer.usatoday.com/},
  Month                    = {Oct},
  Note                     = {[Online; accessed 27-October-2014]},
  Organization             = {USA Today Developer's Network},
  Url                      = {http://developer.usatoday.com/},
  Year                     = {2014},

  Owner                    = {ali},
  Timestamp                = {2014.10.27}
}

@Electronic{twitterdocumentation,
  Title                    = {Documentation},
  Author                   = {Twitter},
  HowPublished             = {https://dev.twitter.com/overview/documentation},
  Month                    = {Oct},
  Note                     = {[Online; accessed 27-October-2014]},
  Organization             = {Twitter Inc},
  Url                      = {https://dev.twitter.com/overview/documentation},
  Year                     = {2014},

  Owner                    = {ali},
  Timestamp                = {2014.10.27}
}

@Electronic{twitterrestapi,
  Title                    = {Twitter Firehose},
  Author                   = {Twitter},
  HowPublished             = {https://dev.twitter.com/streaming/reference/get/statuses/firehose},
  Month                    = {Oct},
  Note                     = {[Online; accessed 27-October-2014]},
  Organization             = {Twitter Inc},
  Url                      = {https://dev.twitter.com/streaming/reference/get/statuses/firehose},
  Year                     = {2014},

  Owner                    = {ali},
  Timestamp                = {2014.10.27}
}

@Electronic{twitterrestapi,
  Title                    = {Twitter REST API},
  Author                   = {Twitter},
  HowPublished             = {https://dev.twitter.com/rest/public},
  Month                    = {Oct},
  Note                     = {[Online; accessed 27-October-2014]},
  Organization             = {Twitter Inc},
  Url                      = {https://dev.twitter.com/rest/public},
  Year                     = {2014},

  Owner                    = {ali},
  Timestamp                = {2014.10.27}
}

@Electronic{twitterstreaming,
  Title                    = {The Streaming API},
  Author                   = {Twitter},
  HowPublished             = {https://dev.twitter.com/streaming/overview},
  Month                    = {Oct},
  Note                     = {[Online; accessed 27-October-2014]},
  Organization             = {Twitter Inc},
  Url                      = {https://dev.twitter.com/streaming/overview},
  Year                     = {2014},

  Owner                    = {ali},
  Timestamp                = {2014.10.27}
}

@Misc{wiki:RAR,
  Title                    = {RAR --- Wikipedia{,} The Free Encyclopedia},

  Author                   = {Wikipedia},
  Note                     = {[Online; accessed 27-October-2014]},
  Year                     = {2014},

  Url                      = {\url{http://en.wikipedia.org/w/index.php?title=RAR&oldid=630678991}}
}

@Misc{wiki:raspberrypi,
  Title                    = {Raspberry Pi --- Wikipedia{,} The Free Encyclopedia},

  Author                   = {Wikipedia},
  Note                     = {[Online; accessed 27-October-2014]},
  Year                     = {2014},

  Url                      = {\url{http://en.wikipedia.org/w/index.php?title=Raspberry_Pi&oldid=630732501}}
}

