% This file was created with JabRef 2.10b2.
% Encoding: UTF-8


@Electronic{feedzilla,
  Title                    = {RestAPI Documentation},
  Author                   = {Feedzilla},
  HowPublished             = {https://code.google.com/p/feedzilla-api/wiki/RestApi},
  Month                    = {Oct},
  Note                     = {[Online; accessed 27-October-2014]},
  Url                      = {https://code.google.com/p/feedzilla-api/wiki/RestApi},
  Year                     = {2014},

  Owner                    = {ali},
  Timestamp                = {2014.10.27}
}

@Electronic{sentimentanalyzer,
  Title                    = {Twitter Sentiment Analyzer},
  Author                   = {Laurent Luce},
  HowPublished             = {http://www.laurentluce.com/posts/twitter-sentiment-analysis-using-python-and-nltk/},
  Month                    = {Jan},
  Note                     = {[Online; accessed 27-October-2014]},
  Url                      = {http://www.laurentluce.com/posts/twitter-sentiment-analysis-using-python-and-nltk/},
  Year                     = {2012},

  Owner                    = {ali},
  Timestamp                = {2014.10.27}
}

@Electronic{bingsearchapi,
  Title                    = {Bing Search API},
  Author                   = {Microsoft},
  HowPublished             = {https://datamarket.azure.com/dataset/bing/search},
  Month                    = {Oct},
  Note                     = {[Online; accessed 27-October-2014]},
  Organization             = {Microsoft},
  Url                      = {https://datamarket.azure.com/dataset/bing/search},
  Year                     = {2014},

  Owner                    = {ali},
  Timestamp                = {2014.10.27}
}

@Article{scikit-learn,
  Title                    = {Scikit-learn: Machine Learning in {P}ython},
  Author                   = {Pedregosa, F. and Varoquaux, G. and Gramfort, A. and Michel, V. and Thirion, B. and Grisel, O. and Blondel, M. and Prettenhofer, P. and Weiss, R. and Dubourg, V. and Vanderplas, J. and Passos, A. and Cournapeau, D. and Brucher, M. and Perrot, M. and Duchesnay, E.},
  Journal                  = {Journal of Machine Learning Research},
  Year                     = {2011},
  Pages                    = {2825--2830},
  Volume                   = {12}
}

@Electronic{thenytimes,
  Title                    = {Time Developer Network - APIs},
  Author                   = {The New York Times},
  HowPublished             = {http://developer.nytimes.com/docs},
  Month                    = {Oct},
  Note                     = {[Online; accessed 27-October-2014]},
  Organization             = {The New York Times},
  Url                      = {http://developer.nytimes.com/docs},
  Year                     = {2014},

  Owner                    = {ali},
  Timestamp                = {2014.10.27}
}

@Electronic{usatoday,
  Title                    = {USA Today Developer's Network},
  Author                   = {USA Today},
  HowPublished             = {http://developer.usatoday.com/},
  Month                    = {Oct},
  Note                     = {[Online; accessed 27-October-2014]},
  Organization             = {USA Today Developer's Network},
  Url                      = {http://developer.usatoday.com/},
  Year                     = {2014},

  Owner                    = {ali},
  Timestamp                = {2014.10.27}
}

@Electronic{twitterdocumentation,
  Title                    = {Documentation},
  Author                   = {Twitter},
  HowPublished             = {https://dev.twitter.com/overview/documentation},
  Month                    = {Oct},
  Note                     = {[Online; accessed 27-October-2014]},
  Organization             = {Twitter Inc},
  Url                      = {https://dev.twitter.com/overview/documentation},
  Year                     = {2014},

  Owner                    = {ali},
  Timestamp                = {2014.10.27}
}

@Electronic{twitterrestapi,
  Title                    = {Twitter Firehose},
  Author                   = {Twitter},
  HowPublished             = {https://dev.twitter.com/streaming/reference/get/statuses/firehose},
  Month                    = {Oct},
  Note                     = {[Online; accessed 27-October-2014]},
  Organization             = {Twitter Inc},
  Url                      = {https://dev.twitter.com/streaming/reference/get/statuses/firehose},
  Year                     = {2014},

  Owner                    = {ali},
  Timestamp                = {2014.10.27}
}

@Electronic{twitterrestapi,
  Title                    = {Twitter REST API},
  Author                   = {Twitter},
  HowPublished             = {https://dev.twitter.com/rest/public},
  Month                    = {Oct},
  Note                     = {[Online; accessed 27-October-2014]},
  Organization             = {Twitter Inc},
  Url                      = {https://dev.twitter.com/rest/public},
  Year                     = {2014},

  Owner                    = {ali},
  Timestamp                = {2014.10.27}
}

@Electronic{twitterstreaming,
  Title                    = {The Streaming API},
  Author                   = {Twitter},
  HowPublished             = {https://dev.twitter.com/streaming/overview},
  Month                    = {Oct},
  Note                     = {[Online; accessed 27-October-2014]},
  Organization             = {Twitter Inc},
  Url                      = {https://dev.twitter.com/streaming/overview},
  Year                     = {2014},

  Owner                    = {ali},
  Timestamp                = {2014.10.27}
}

@Misc{wiki:RAR,
  Title                    = {RAR --- Wikipedia{,} The Free Encyclopedia},

  Author                   = {Wikipedia},
  Note                     = {[Online; accessed 27-October-2014]},
  Year                     = {2014},

  Url                      = {\url{http://en.wikipedia.org/w/index.php?title=RAR&oldid=630678991}}
}

@Misc{wiki:raspberrypi,
  Title                    = {Raspberry Pi --- Wikipedia{,} The Free Encyclopedia},

  Author                   = {Wikipedia},
  Note                     = {[Online; accessed 27-October-2014]},
  Year                     = {2014},

  Url                      = {\url{http://en.wikipedia.org/w/index.php?title=Raspberry_Pi&oldid=630732501}}
}

